<?xml version="1.0" encoding="UTF-8"?><collection xmlns="http://www.loc.gov/MARC21/slim"><record><leader>00378nam--2200133-i-4500</leader><controlfield tag="001">000043549</controlfield><controlfield tag="002">20161230</controlfield><controlfield tag="005">20161230201044</controlfield><controlfield tag="008">060222s1000------------r-----000-0-eng-d</controlfield><datafield ind1=" " ind2=" " tag="080"><subfield code="a">61</subfield></datafield><datafield ind1=" " ind2=" " tag="100"><subfield code="a">Tailleux,Patrik</subfield></datafield><datafield ind1=" " ind2=" " tag="245"><subfield code="a">L`iconographie medicale dans l`egypte ancienne. these</subfield></datafield><datafield ind1=" " ind2=" " tag="260"><subfield code="a">Rouen, Faculte Mixte De Medicine Et De Pharmacie De Rouen, 1971. 69 P</subfield></datafield><datafield ind1=" " ind2=" " tag="852"><subfield code="a">38981</subfield></datafield></record></collection>